<?xml version="1.0" encoding="UTF-8"?><collection xmlns="http://www.loc.gov/MARC21/slim"><record><leader>00559nam--2200169-i-4500</leader><controlfield tag="001">000008260</controlfield><controlfield tag="002">20161230</controlfield><controlfield tag="005">20161230201027</controlfield><controlfield tag="008">060222s1000------------r-----000-0-eng-d</controlfield><datafield ind1=" " ind2=" " tag="020"><subfield code="a">0824712633</subfield></datafield><datafield ind1=" " ind2=" " tag="040"><subfield code="a">IFIN-HH</subfield></datafield><datafield ind1=" " ind2=" " tag="080"><subfield code="a">535.37:543.426</subfield></datafield><datafield ind1="1" ind2=" " tag="100"><subfield code="a">Guilbault, George G</subfield></datafield><datafield ind1="1" ind2="0" tag="245"><subfield code="a">Practical fluorescence</subfield><subfield code="b">Theory, methods, and techniques, with contribution from r.f. chen; govindjee; g. papageorgiou, e. rabinowitch; e.l. wehry</subfield><subfield code="c">George g. guilbault</subfield></datafield><datafield ind1=" " ind2=" " tag="260"><subfield code="a">1973</subfield><subfield code="b">Marcel Dekker, Inc</subfield></datafield><datafield ind1=" " ind2=" " tag="852"><subfield code="a">42563</subfield><subfield code="c">535.37</subfield></datafield><datafield ind1=" " ind2=" " tag="CAT"><subfield code="a">Sys</subfield><subfield code="c">20110810</subfield><subfield code="h">111050</subfield></datafield></record></collection>